<record><leader>00000cas a2200000 a 4500</leader><controlfield tag="001">11110954</controlfield><controlfield tag="008">840831d19501962caudn ne      0    0eng  </controlfield><datafield ind1=" " ind2=" " tag="010"><subfield code="a">sn 84020546 </subfield></datafield><datafield ind1=" " ind2=" " tag="040"><subfield code="a">DLC</subfield><subfield code="b">eng</subfield><subfield code="c">DLC</subfield><subfield code="d">NPV</subfield><subfield code="d">DLC</subfield><subfield code="d">CNK</subfield><subfield code="d">DLC</subfield><subfield code="d">CNK</subfield><subfield code="d">OCLCQ</subfield><subfield code="d">DLC</subfield><subfield code="d">OCLCF</subfield><subfield code="d">OCLCO</subfield></datafield><datafield ind1="1" ind2=" " tag="029"><subfield code="a">AU@</subfield><subfield code="b">000020338016</subfield></datafield><datafield ind1=" " ind2=" " tag="042"><subfield code="a">pcc</subfield></datafield><datafield ind1=" " ind2=" " tag="043"><subfield code="a">n-us-ca</subfield></datafield><datafield ind1="0" ind2="0" tag="050"><subfield code="a">Newspaper</subfield></datafield><datafield ind1="0" ind2="0" tag="245"><subfield code="a">Los Angeles evening herald express.</subfield></datafield><datafield ind1="1" ind2=" " tag="246"><subfield code="i">Issues for Saturday 1954-1960 published as:</subfield><subfield code="a">Saturday pictorial Los Angeles evening herald express</subfield></datafield><datafield ind1="3" ind2="0" tag="246"><subfield code="a">Evening herald express</subfield></datafield><datafield ind1="3" ind2="0" tag="246"><subfield code="a">Herald express</subfield></datafield><datafield ind1=" " ind2=" " tag="260"><subfield code="a">Los Angeles, Ca[lif. :</subfield><subfield code="b">Hearst Pub. Co.],</subfield><subfield code="c">1950-1962.</subfield></datafield><datafield ind1=" " ind2=" " tag="300"><subfield code="a">v.</subfield></datafield><datafield ind1=" " ind2=" " tag="310"><subfield code="a">Daily (except Sunday)</subfield></datafield><datafield ind1="0" ind2=" " tag="362"><subfield code="a">Vol. 80, no. 181 (Oct. 23, 1950)-v. 91, no. 246 (Jan. 6, 1962).</subfield></datafield><datafield ind1=" " ind2=" " tag="530"><subfield code="a">Master negatives are available for duplication from:</subfield><subfield code="b">California Newspaper Microfilm Archive;</subfield><subfield code="c">for further information consult the CNMA at:</subfield><subfield code="u">http://cbsr.ucr.edu.</subfield></datafield><datafield ind1=" " ind2=" " tag="580"><subfield code="a">Merged with: Los Angeles examiner, to become: Los Angeles evening and Sunday herald examiner.</subfield></datafield><datafield ind1=" " ind2="0" tag="651"><subfield code="a">Los Angeles (Calif.)</subfield><subfield code="v">Newspapers.</subfield></datafield><datafield ind1=" " ind2="0" tag="651"><subfield code="a">Los Angeles County (Calif.)</subfield><subfield code="v">Newspapers.</subfield></datafield><datafield ind1=" " ind2="7" tag="655"><subfield code="a">Newspapers.</subfield><subfield code="2">fast</subfield><subfield code="0">(OCoLC)fst01423814</subfield></datafield><datafield ind1=" " ind2="7" tag="651"><subfield code="a">California</subfield><subfield code="z">Los Angeles.</subfield><subfield code="2">fast</subfield><subfield code="0">(OCoLC)fst01204540</subfield></datafield><datafield ind1=" " ind2="7" tag="651"><subfield code="a">California</subfield><subfield code="z">Los Angeles County.</subfield><subfield code="2">fast</subfield><subfield code="0">(OCoLC)fst01205194</subfield></datafield><datafield ind1=" " ind2=" " tag="752"><subfield code="a">United States</subfield><subfield code="b">California</subfield><subfield code="c">Los Angeles</subfield><subfield code="d">Los Angeles.</subfield></datafield><datafield ind1="0" ind2="0" tag="780"><subfield code="t">Los Angeles evening herald and express</subfield><subfield code="w">(DLC)sn 85041092</subfield><subfield code="w">(OCoLC)12348083</subfield></datafield><datafield ind1="1" ind2="7" tag="785"><subfield code="t">Los Angeles examiner</subfield><subfield code="w">(DLC)sn 82014773</subfield><subfield code="w">(OCoLC)1756176</subfield></datafield><datafield ind1="1" ind2="7" tag="785"><subfield code="t">Los Angeles evening and Sunday herald examiner</subfield><subfield code="w">(DLC)sn 83045549</subfield><subfield code="w">(OCoLC)9527130</subfield></datafield></record>